@online{indeed,
  author = "Indeed.com",
  title = "How to Calculate Average Percentage",
  url = "https://www.indeed.com/career-advice/career-development/how-to-calculate-average-percentage",
  addendum = "(accessed: 2020-09-16)",
}

@online{robertoreif,
  author = "Reif, Roberto",
  title = "Why you should be careful when averaging percentages",
  url = "https://www.robertoreif.com/blog/2018/1/7/why-you-should-be-careful-when-averaging-percentages",
  addendum = "(accessed: 2020-09-16)",
}

@online{doubleentry,
  author = "Wikipedia",
  title = "Double-entry bookkeeping",
  url = "https://en.wikipedia.org/wiki/Double-entry_bookkeeping",
  addendum = "(accessed: 2020-09-22)",
}

@online{doubleentry2,
  author = "bench.co",
  title = "A Relatively Painless Guide to Double-Entry Accounting",
  url = "https://bench.co/blog/accounting/double-entry-accounting/",
  addendum = "(accessed: 2020-09-22)",
}

@online{rfc2141,
  author = "IETF",
  title = "URN Syntax",
  url = "https://tools.ietf.org/html/rfc2141",
  addendum = "(accessed: 2020-09-22)",
}

@online{rfc8141,
  author = "IETF",
  title = "Uniform Resource Names (URNs)",
  url = "https://tools.ietf.org/html/rfc8141",
  addendum = "(accessed: 2020-09-22)",
}

@online{kubecost,
  author = "kubecost",
  title = "kubecost",
  url = "https://kubecost.com/",
  addendum = "(accessed: 2020-09-22)",
}

@online{cloudtamer,
  author = "cloudtamer.io",
  title = "cloudtamer.io",
  url = "https://www.cloudtamer.io/",
  addendum = "(accessed: 2020-09-22)",
}

@online{hadoop,
  author = "Apache Software Foundation",
  title = "Apache Hadoop",
  url = "https://hadoop.apache.org/",
  addendum = "(accessed: 2020-09-23)",
}

@online{k8s,
  author = "The Linux Foundation",
  title = "Kubernetes",
  url = "https://kubernetes.io/",
  addendum = "(accessed: 2020-09-23)",
}

@online{mesos,
  author = "Apache Software Foundation",
  title = "Apache Mesos",
  url = "https://mesos.apache.org/",
  addendum = "(accessed: 2020-09-23)",
}

@online{mysql,
  author = "Oracle",
  title = "MySQL",
  url = "https://www.mysql.com/",
  addendum = "(accessed: 2020-09-23)",
}

@online{postgres,
  author = "The PostgreSQL Global Development Group",
  title = "PostgreSQL",
  url = "https://www.postgresql.org/",
  addendum = "(accessed: 2020-09-23)",
}

@online{awsarn,
  author = "Amazon Web Services",
  title = "Amazon Resource Names (ARNs)",
  url = "https://docs.aws.amazon.com/general/latest/gr/aws-arns-and-namespaces.html",
  addendum = "(accessed: 2020-09-23)",
}

@Inbook{Grossi2016,
  author="Grossi, Roberto",
  editor="Kao, Ming-Yang",
  title="Enumeration of Paths, Cycles, and Spanning Trees",
  bookTitle="Encyclopedia of Algorithms",
  year="2016",
  publisher="Springer New York",
  address="New York, NY",
  pages="640--645",
  isbn="978-1-4939-2864-4",
  doi="10.1007/978-1-4939-2864-4_728",
  url="https://doi.org/10.1007/978-1-4939-2864-4_728"
}
